@article{Soemers2014TacticalPU,
  title={Tactical Planning Using MCTS in the Game of StarCraft},
  author={Dennis J. N. J. Soemers},
  year={2014},
  url={https://api.semanticscholar.org/CorpusID:56015411}
}
@article{Churchill2011BuildOO,
  title={Build Order Optimization in StarCraft},
  author={David Churchill and Michael Buro},
  journal={Proceedings of the AAAI Conference on Artificial Intelligence and Interactive Digital Entertainment},
  year={2011},
  url={https://api.semanticscholar.org/CorpusID:8961149}
}
@article{Ontan2013ASO,
  title={A Survey of Real-Time Strategy Game AI Research and Competition in StarCraft},
  author={Santiago Onta{\~n}{\'o}n and Gabriel Synnaeve and Alberto Uriarte and Florian Richoux and David Churchill and Mike Preuss},
  journal={IEEE Transactions on Computational Intelligence and AI in Games},
  year={2013},
  volume={5},
  pages={293-311},
  url={https://api.semanticscholar.org/CorpusID:5014732}
}